<record><leader>00000cas a22000007a 4500</leader><controlfield tag="001">17375077</controlfield><controlfield tag="008">880122c19579999arudn ne      0    0eng  </controlfield><datafield ind1=" " ind2=" " tag="010"><subfield code="a">sn 88063014 </subfield></datafield><datafield ind1=" " ind2=" " tag="040"><subfield code="a">DLC</subfield><subfield code="b">eng</subfield><subfield code="c">DLC</subfield><subfield code="d">ANU</subfield><subfield code="d">DLC</subfield></datafield><datafield ind1=" " ind2=" " tag="037"><subfield code="b">Evening Times, Box 459, 111 E. Bond, West Memphis, AR 72301</subfield></datafield><datafield ind1=" " ind2=" " tag="042"><subfield code="a">msc</subfield></datafield><datafield ind1="0" ind2=" " tag="130"><subfield code="a">Evening times (West Memphis, Ark.)</subfield></datafield><datafield ind1="0" ind2="0" tag="245"><subfield code="a">Evening times.</subfield></datafield><datafield ind1=" " ind2=" " tag="260"><subfield code="a">West Memphis, Ark. :</subfield><subfield code="b">Crittenden Pub. Co.,</subfield></datafield><datafield ind1=" " ind2=" " tag="300"><subfield code="a">v.</subfield></datafield><datafield ind1=" " ind2=" " tag="310"><subfield code="a">Daily (except Saturday and Sunday)</subfield></datafield><datafield ind1="0" ind2=" " tag="362"><subfield code="a">Vol. 1, no. 1 (June 17, 1957)-</subfield></datafield><datafield ind1=" " ind2=" " tag="752"><subfield code="a">United States</subfield><subfield code="b">Arkansas</subfield><subfield code="c">Crittenden</subfield><subfield code="d">West Memphis.</subfield></datafield><datafield ind1="0" ind2=" " tag="775"><subfield code="t">Crittenden County times</subfield><subfield code="w">(DLC)sn 89051350</subfield></datafield></record>